<mx:record xmlns="http://www.w3.org/TR/xhtml1/strict" xmlns:mx="http://www.loc.gov/MARC21/slim" xmlns:xsi="http://www.w3.org/2001/XMLSchema-instance"><mx:leader>00000cz  a2200000n  45 0</mx:leader><mx:controlfield tag="001">oca00438616 </mx:controlfield><mx:controlfield tag="005">20100222141959.0</mx:controlfield><mx:controlfield tag="008">801105n| acannaab           |b aaa      </mx:controlfield><mx:datafield ind1=" " ind2=" " tag="010"><mx:subfield code="a">n  80056872</mx:subfield><mx:subfield code="z">n 2003043178</mx:subfield></mx:datafield><mx:datafield ind1=" " ind2=" " tag="040"><mx:subfield code="a">DLC</mx:subfield><mx:subfield code="c">DLC</mx:subfield><mx:subfield code="d">DLC</mx:subfield></mx:datafield><mx:datafield ind1="1" ind2=" " tag="100"><mx:subfield code="a">Planudes, Maximus,</mx:subfield><mx:subfield code="d">ca. 1260-ca. 1310</mx:subfield></mx:datafield><mx:datafield ind1="1" ind2=" " tag="400"><mx:subfield code="a">Blanowt, Makʻsimos,</mx:subfield><mx:subfield code="d">ca. 1260-ca. 1310</mx:subfield></mx:datafield><mx:datafield ind1="0" ind2=" " tag="400"><mx:subfield code="a">Maximus Planudes,</mx:subfield><mx:subfield code="d">ca. 1260-ca. 1310</mx:subfield></mx:datafield><mx:datafield ind1="0" ind2=" " tag="400"><mx:subfield code="a">Maximos ho Planoudēs,</mx:subfield><mx:subfield code="d">ca. 1260-ca. 1310</mx:subfield></mx:datafield><mx:datafield ind1="1" ind2=" " tag="400"><mx:subfield code="a">Planoudēs, Maximos,</mx:subfield><mx:subfield code="d">ca. 1260-ca. 1310</mx:subfield></mx:datafield><mx:datafield ind1="1" ind2=" " tag="400"><mx:subfield code="a">Πλανούδης, Μάξιμος,</mx:subfield><mx:subfield code="d">ca. 1260-ca. 1310</mx:subfield></mx:datafield><mx:datafield ind1=" " ind2=" " tag="667"><mx:subfield code="a">Non-Latin reference not evaluated</mx:subfield></mx:datafield><mx:datafield ind1=" " ind2=" " tag="670"><mx:subfield code="a">Enkykl. Papyros Larous Britannika, c1992</mx:subfield><mx:subfield code="b">(hdg.: Planoudēs, Maximos; b. ca. 1255 at Nikomēdeia Vithynia; d. ca. 1305 at Constantinople; scholarly monk and author)</mx:subfield></mx:datafield><mx:datafield ind1=" " ind2=" " tag="670"><mx:subfield code="a">Vivlos peri paramythias tēs philosophias, 1999:</mx:subfield><mx:subfield code="b">t.p. (Maximos Monachos ho Planoudēs; Maxime Planude)</mx:subfield></mx:datafield><mx:datafield ind1=" " ind2=" " tag="670"><mx:subfield code="a">BGMI, Feb. 22, 2010</mx:subfield><mx:subfield code="b">(Planudes, Maximus (1255?-1305?); Planudes, Maximus (c. 1260-c. 1310))</mx:subfield></mx:datafield><mx:datafield ind1=" " ind2=" " tag="670"><mx:subfield code="a">Wikipedia, Feb. 22, 2010</mx:subfield><mx:subfield code="b">(Maximos Planoudes; Maximus Planudes; Greek: Μάξιμος Πλανούδης=Maximos Planoudēs; c. 1260-1330)</mx:subfield></mx:datafield><mx:datafield ind1=" " ind2=" " tag="999"><mx:subfield code="a">18871</mx:subfield></mx:datafield></mx:record>